<?xml version="1.0" encoding="UTF-8"?><collection xmlns="http://www.loc.gov/MARC21/slim"><record><leader>00546nam--2200169-u-4500</leader><controlfield tag="001">000055010</controlfield><controlfield tag="002">20161230</controlfield><controlfield tag="005">20161230201051</controlfield><controlfield tag="008">121017s1000------------r-----000-0-eng-d</controlfield><datafield ind1=" " ind2=" " tag="040"><subfield code="a">IFIN-HH</subfield></datafield><datafield ind1=" " ind2=" " tag="080"><subfield code="a">539.12.04:539.2:535.343:535.376</subfield></datafield><datafield ind1="1" ind2=" " tag="100"><subfield code="a">Philbrick, Charles Russell</subfield></datafield><datafield ind1="1" ind2="0" tag="245"><subfield code="a">Studies of centers produced in sapphire and ruby by gamma radiation</subfield><subfield code="b">Dissertation</subfield><subfield code="c">Charles russell philbrick</subfield></datafield><datafield ind1=" " ind2=" " tag="260"><subfield code="a">Ann Arbor, Michigan</subfield><subfield code="b">University Microfilms, Inc</subfield><subfield code="c">1967</subfield></datafield><datafield ind1=" " ind2=" " tag="300"><subfield code="a">99P</subfield></datafield><datafield ind1=" " ind2=" " tag="852"><subfield code="a">32357</subfield><subfield code="c">539.2</subfield></datafield><datafield ind1=" " ind2=" " tag="CAT"><subfield code="a">Sys</subfield><subfield code="c">20121017</subfield><subfield code="h">131326</subfield></datafield></record></collection>